<?xml version="1.0" encoding="UTF-8" ?><marc:collection xmlns:marc="http://www.loc.gov/MARC21/slim" xmlns:xsi="http://www.w3.org/2001/XMLSchema-instance" xsi:schemaLocation="http://www.loc.gov/MARC21/slim http://www.loc.gov/standards/marcxml/schema/MARC21slim.xsd">
<marc:record><marc:leader>07048cz  a2200301n  4500</marc:leader>
<marc:controlfield tag="001">3</marc:controlfield>
<marc:controlfield tag="003">DLC</marc:controlfield><marc:controlfield tag="005">20170324014105.0</marc:controlfield><marc:controlfield tag="008">800709n| azannaabn          |a aaa      </marc:controlfield><marc:datafield tag="010" ind1=" " ind2=" "><marc:subfield code="a">n  79091191 </marc:subfield></marc:datafield><marc:datafield tag="035" ind1=" " ind2=" "><marc:subfield code="a">(OCoLC)oca00323518</marc:subfield></marc:datafield><marc:datafield tag="040" ind1=" " ind2=" "><marc:subfield code="a">OSt</marc:subfield><marc:subfield code="b">eng</marc:subfield></marc:datafield><marc:datafield tag="046" ind1=" " ind2=" "><marc:subfield code="g">1960</marc:subfield></marc:datafield><marc:datafield tag="100" ind1="0" ind2=" "><marc:subfield code="a">Ñāṇamoli,</marc:subfield><marc:subfield code="c">Bhikkhu,</marc:subfield><marc:subfield code="d">1905 -1960</marc:subfield></marc:datafield><marc:datafield tag="400" ind1="0" ind2=" "><marc:subfield code="a">Bhikkhu Ñānạmoli</marc:subfield></marc:datafield><marc:datafield tag="400" ind1="1" ind2=" "><marc:subfield code="a">Moore, Osbert,</marc:subfield><marc:subfield code="d">1905-1960</marc:subfield></marc:datafield><marc:datafield tag="400" ind1="0" ind2=" "><marc:subfield code="a">Ñāṇamoli,</marc:subfield><marc:subfield code="c">Bhikkhu,</marc:subfield><marc:subfield code="d">1905-1960</marc:subfield></marc:datafield><marc:datafield tag="400" ind1="0" ind2=" "><marc:subfield code="a">Ñāṇamoli,</marc:subfield><marc:subfield code="c">Thera,</marc:subfield><marc:subfield code="d">1905-1960</marc:subfield></marc:datafield><marc:datafield tag="400" ind1="0" ind2=" "><marc:subfield code="a">Nyanamoli,</marc:subfield><marc:subfield code="c">Bhikkhu,</marc:subfield><marc:subfield code="d">1905-1960</marc:subfield></marc:datafield><marc:datafield tag="400" ind1="0" ind2=" "><marc:subfield code="a">Nyanamoli,</marc:subfield><marc:subfield code="c">Thera,</marc:subfield><marc:subfield code="d">1905-1960</marc:subfield></marc:datafield><marc:datafield tag="400" ind1="0" ind2=" "><marc:subfield code="a">髮髻,</marc:subfield><marc:subfield code="c">長老,</marc:subfield><marc:subfield code="d">1905-1960</marc:subfield></marc:datafield><marc:datafield tag="666" ind1=" " ind2=" "><marc:subfield code="6">https://en.wikipedia.org/wiki/Nanamoli_Bhikkhu</marc:subfield><marc:subfield code="a">Born in Cambridge, Osbert was the only child of biologist John Edmund Sharrock Moore and Heloise Moore (née Salvin). He was named after Helloise's father, the naturalist Osbert Salvin. He studied modern languages at Exeter College, Oxford. He helped a friend to run an antiques shop before joining the army at the outbreak of World War II, joining the anti-aircraft regiment before being transferred to the Intelligence Corps officer-cadet training camp. He was posted to a camp on the Isle of Man to help oversee Italian internees.  In 1944 he is posted to Italy serving as an intelligence officer interrogating spies and saboteurs. During this period he discovered Buddhism via the Julius Evola's The Doctrine of Awakening a Nietzschean interpretation of Buddhism. This work had been translated by his friend Harold Edward Musson, also an intelligence officer serving in Italy.  After the war Moore joined the Italian section of the BBC. Moore and Musson, who shared a flat in London, were quite disillusioned with their lives and left to Sri Lanka in 1949 to become Buddhist monks. On April 24, 1949 they received the novice (samanera) ordination or going forth, pabbajjā, from Ñāṇatiloka at the Island Hermitage. In 1950 they received their bhikkhu ordination at Vajirarama Temple Colombo. Ñāṇamoli spent almost his entire monk life of eleven years at the Island Hermitage.  After having been taught the basics of Pali by Nyanatiloka Mahathera, Ñāṇamoli acquired a remarkable command of the Pali language and a wide knowledge of the canonical scriptures within a comparatively short time. He is remembered for his reliable translations from the Pali into English, mostly of abstruse texts such as the Nettippakaraṇa which are considered difficult to translate. He also wrote essays on aspects of Buddhism. By 1956 he had translated Visuddhimagga into English and got it published as The Path of Purification. He also compiled The Life of the Buddha, a reliable and popular biography of the Buddha based on authentic records in the Pali Canon. His notes with his philosophical thoughts were compiled by Nyanaponika Thera and published as A Thinker's Note Book.  His handwritten draft translation of the Majjhima Nikaya was typed out after his death and edited by Bhikkhu Khantipalo, and partly published as A Treasury of the Buddha's Discourses and then edited again by Bhikkhu Bodhi and published as Middle Length Length Discourse of the Buddha and published by Wisdom Publications in 1995. Other draft translations, edited and published after his death, are The Path of Discrimination (Paṭisambhidāmagga) and Dispeller of Delusion (Sammohavinodanī).  While on a pilgrimage he died suddenly due to heart failure at the hamlet of Veheragama near Mahawa. His body was brought to Vajirarama Temple in Colombo and cremated at a nearby cemetery.</marc:subfield></marc:datafield><marc:datafield tag="670" ind1=" " ind2=" "><marc:subfield code="a">Born in Cambridge, Osbert was the only child of biologist John Edmund Sharrock Moore and Heloise Moore (née Salvin). He was named after Helloise's father, the naturalist Osbert Salvin. He studied modern languages at Exeter College, Oxford. He helped a friend to run an antiques shop before joining the army at the outbreak of World War II, joining the anti-aircraft regiment before being transferred to the Intelligence Corps officer-cadet training camp. He was posted to a camp on the Isle of Man to help oversee Italian internees.  In 1944 he is posted to Italy serving as an intelligence officer interrogating spies and saboteurs. During this period he discovered Buddhism via the Julius Evola's The Doctrine of Awakening a Nietzschean interpretation of Buddhism. This work had been translated by his friend Harold Edward Musson, also an intelligence officer serving in Italy.  After the war Moore joined the Italian section of the BBC. Moore and Musson, who shared a flat in London, were quite disillusioned with their lives and left to Sri Lanka in 1949 to become Buddhist monks. On April 24, 1949 they received the novice (samanera) ordination or going forth, pabbajjā, from Ñāṇatiloka at the Island Hermitage. In 1950 they received their bhikkhu ordination at Vajirarama Temple Colombo. Ñāṇamoli spent almost his entire monk life of eleven years at the Island Hermitage.  After having been taught the basics of Pali by Nyanatiloka Mahathera, Ñāṇamoli acquired a remarkable command of the Pali language and a wide knowledge of the canonical scriptures within a comparatively short time. He is remembered for his reliable translations from the Pali into English, mostly of abstruse texts such as the Nettippakaraṇa which are considered difficult to translate. He also wrote essays on aspects of Buddhism. By 1956 he had translated Visuddhimagga into English and got it published as The Path of Purification. He also compiled The Life of the Buddha, a reliable and popular biography of the Buddha based on authentic records in the Pali Canon. His notes with his philosophical thoughts were compiled by Nyanaponika Thera and published as A Thinker's Note Book.  His handwritten draft translation of the Majjhima Nikaya was typed out after his death and edited by Bhikkhu Khantipalo, and partly published as A Treasury of the Buddha's Discourses and then edited again by Bhikkhu Bodhi and published as Middle Length Length Discourse of the Buddha and published by Wisdom Publications in 1995. Other draft translations, edited and published after his death, are The Path of Discrimination (Paṭisambhidāmagga) and Dispeller of Delusion (Sammohavinodanī).  While on a pilgrimage he died suddenly due to heart failure at the hamlet of Veheragama near Mahawa. His body was brought to Vajirarama Temple in Colombo and cremated at a nearby cemetery.</marc:subfield></marc:datafield><marc:datafield tag="670" ind1=" " ind2=" "><marc:subfield code="a">1. Tipiṭaka. Vinayapiṭaka. Suttavibhaṅga. Pātimokkha. English &amp; Pali. The Pāṭimokkha, 1966: 2 Peṭakopadesa. The Piṭaka-Disclosure, 1964 | t.p. (Ñāṇamoli Thera) p. v (the late ven. Ñāṇamoli Thera)</marc:subfield></marc:datafield><marc:datafield tag="670" ind1=" " ind2=" "><marc:subfield code="a">His A thinker's note book, 1972:</marc:subfield><marc:subfield code="b">t.p. (Bhikkhu Ñāṇamoli (Osbert Moore))</marc:subfield></marc:datafield><marc:datafield tag="670" ind1=" " ind2=" "><marc:subfield code="a">Tipiṭaka. Suttapiṭaka. Majjhimanikāya. English. Selections. A treasury of the Buddha's discourses ... 1977:</marc:subfield><marc:subfield code="b">t.p. (Nyanamoli Thera)</marc:subfield></marc:datafield><marc:datafield tag="670" ind1=" " ind2=" "><marc:subfield code="a">The life of the Buddha, 2001:</marc:subfield><marc:subfield code="b">t.p. (Bhikkhu Ñāṇamōli) p. 4 of cover (b. in England in 1905)</marc:subfield></marc:datafield><marc:datafield tag="942" ind1=" " ind2=" "><marc:subfield code="a">PERSO_NAME</marc:subfield></marc:datafield></marc:record>