
<marc:record><marc:leader>00273nz  a2200121n  4500</marc:leader>
<marc:controlfield tag="001">4</marc:controlfield>
<marc:controlfield tag="003">OSt</marc:controlfield><marc:controlfield tag="005">20170324020328.0</marc:controlfield><marc:controlfield tag="008">170324|| aca||aabn           | a|a     d</marc:controlfield><marc:datafield tag="040" ind1=" " ind2=" "><marc:subfield code="a">OSt</marc:subfield></marc:datafield><marc:datafield tag="100" ind1=" " ind2=" "><marc:subfield code="a">Étienne Lamotte</marc:subfield></marc:datafield><marc:datafield tag="400" ind1=" " ind2=" "><marc:subfield code="a">Étienne Paul Marie Lamotte</marc:subfield><marc:subfield code="d">1903-1983</marc:subfield></marc:datafield><marc:datafield tag="942" ind1=" " ind2=" "><marc:subfield code="a">PERSO_NAME</marc:subfield></marc:datafield></marc:record>
</marc:collection>
